<?xml version="1.0" encoding="UTF-8"?><record xmlns="http://www.loc.gov/MARC21/slim" xmlns:cinclude="http://apache.org/cocoon/include/1.0" xmlns:zs="http://www.loc.gov/zing/srw/">
  <leader>00632cz  a2200133n  4500</leader>
  <controlfield tag="001">n 2008043986</controlfield>
  <controlfield tag="003">DLC</controlfield>
  <controlfield tag="005">20120817080316.0</controlfield>
  <controlfield tag="008">080630n| acannaabn          |n ana      </controlfield>
  <datafield tag="010" ind1=" " ind2=" ">
    <subfield code="a">n 2008043986</subfield>
  </datafield>
  <datafield tag="040" ind1=" " ind2=" ">
    <subfield code="a">DLC</subfield>
    <subfield code="b">eng</subfield>
    <subfield code="c">DLC</subfield>
    <subfield code="d">DLC</subfield>
  </datafield>
  <datafield tag="111" ind1="2" ind2=" ">
    <subfield code="a">International Conference on Military Trials</subfield>
    <subfield code="d">(1945 :</subfield>
    <subfield code="c">London, England).</subfield>
    <subfield code="e">Representative from the United States</subfield>
  </datafield>
  <datafield tag="667" ind1=" " ind2=" ">
    <subfield code="a">THIS 1XX FIELD CANNOT BE USED UNDER RDA UNTIL THIS RECORD HAS BEEN REVIEWED AND/OR UPDATED</subfield>
  </datafield>
  <datafield tag="670" ind1=" " ind2=" ">
    <subfield code="a">Jakuson hoĚkokusho, 1965:</subfield>
    <subfield code="b">p. 1, 1st group (Report of Robert H. Jackson, United States Representative to the International Conference on Military Trials, London, 1945)</subfield>
  </datafield>
</record>